<?xml version="1.0" encoding="utf-8"?>
<record xmlns="http://www.loc.gov/MARC21/slim" xmlns:xsi="http://www.w3.org/2001/XMLSchema-instance" xsi:schemaLocation="http://www.loc.gov/MARC21/slim http://www.loc.gov/standards/marcxml/schema/MARC21slim.xsd">
	<leader>     nam a22     Mi 4500</leader>
	<controlfield tag="001">5657297</controlfield>
	<controlfield tag="003">NjP</controlfield>
	<controlfield tag="006">m        d        </controlfield>
	<controlfield tag="007">cr cn |||m|||a</controlfield>
	<controlfield tag="008">191217s1862    sy      o     000 0 ara d</controlfield>
	<datafield ind1=" " ind2=" " tag="040">
		<subfield code="a">ZYU</subfield>
		<subfield code="b">ara</subfield>
		<subfield code="e">rda</subfield>
		<subfield code="c">ZYU</subfield>
	</datafield>
	<datafield ind1=" " ind2="4" tag="050">
		<subfield code="a">BS315</subfield>
		<subfield code="b">.A65 1862</subfield>
	</datafield>
	<datafield ind1="0" ind2=" " tag="130">
		<subfield code="a">Bible.</subfield>
		<subfield code="p">New Testament.</subfield>
		<subfield code="l">Arabic.</subfield>
		<subfield code="f">1862.</subfield>
		<subfield code="k">Selections.</subfield>
	</datafield>
	<datafield ind1="0" ind2="0" tag="245">
		<subfield code="6">880-01</subfield>
		<subfield code="a">Kitāb al-Abarkasīs ay Aʻmāl al-Rasul al-Qiddīsīn, wa-Rasāyil Mār Būlus al-Rasūl wa-Yaʻqūb wa-Buṭrus wa-Yūḥannā, wa-Yahūdhā, wa-Abūkālubisīs.</subfield>
	</datafield>
	<datafield ind1="3" ind2=" " tag="246">
		<subfield code="6">880-02</subfield>
		<subfield code="a">Abarkasīs ay Aʻmāl al-Rasul al-Qiddīsīn, wa-Rasāyil Mār Būlus al-Rasūl wa-Yaʻqūb wa-Buṭrus wa-Yūḥannā, wa-Yahūdhā, wa-Abūkālubisīs</subfield>
	</datafield>
	<datafield ind1=" " ind2=" " tag="260">
		<subfield code="6">880-03</subfield>
		<subfield code="a">Ḥalab :</subfield>
		<subfield code="b">Mārī Yūsuf Maṭar Muṭrān al-Ṭāyifah al-Mārūnīyah,</subfield>
		<subfield code="c">1862.</subfield>
	</datafield>
	<datafield ind1=" " ind2=" " tag="300">
		<subfield code="a">online resource (385 pages)</subfield>
	</datafield>
	<datafield ind1=" " ind2=" " tag="336">
		<subfield code="a">text</subfield>
		<subfield code="2">rdacontent</subfield>
	</datafield>
	<datafield ind1=" " ind2=" " tag="337">
		<subfield code="a">computer</subfield>
		<subfield code="2">rdamedia</subfield>
	</datafield>
	<datafield ind1=" " ind2=" " tag="338">
		<subfield code="a">online resource</subfield>
		<subfield code="2">rdacarrier</subfield>
	</datafield>
	<datafield ind1=" " ind2=" " tag="500">
		<subfield code="a">Part of the Arabic Collections Online (ACO) project, contributed by Princeton University Libraries.</subfield>
	</datafield>
	<datafield ind1=" " ind2=" " tag="533">
		<subfield code="a">Electronic reproduction.</subfield>
		<subfield code="b">New York, N.Y. :</subfield>
		<subfield code="c">New York University,</subfield>
		<subfield code="d">2019.</subfield>
		<subfield code="5">NNU</subfield>
	</datafield>
	<datafield ind1="2" ind2=" " tag="710">
		<subfield code="a">Princeton University.</subfield>
		<subfield code="b">Library.</subfield>
	</datafield>
	<datafield ind1="0" ind2=" " tag="730">
		<subfield code="a">Arabic Collections Online.</subfield>
	</datafield>
	<datafield ind1="0" ind2="8" tag="776">
		<subfield code="i">Print version:</subfield>
		<subfield code="t">Kitāb al-Abarkasīs ay Aʻmāl al-Rasul al-Qiddīsīn, wa-Rasāyil Mār Būlus al-Rasūl wa-Yaʻqūb wa-Buṭrus wa-Yūḥannā, wa-Yahūdhā, wa-Abūkālubisīs</subfield>
		<subfield code="w">(NjP)5657297</subfield>
		<subfield code="w">(OCoLC)301973290</subfield>
	</datafield>
	<datafield ind1="4" ind2="0" tag="856">
		<subfield code="u">http://hdl.handle.net/2333.1/1zcrjpq3</subfield>
	</datafield>
	<datafield ind1="0" ind2="0" tag="880">
		<subfield code="6">245-01</subfield>
		<subfield code="a">كتاب الابركسيس اي اعمال الرسل القديسين، ورسايل مار بولس الرسول ويعقوب وبطرس ويوحنا، ويهوذا ، وابوكالبسيس.‎</subfield>
	</datafield>
	<datafield ind1="3" ind2=" " tag="880">
		<subfield code="6">246-02</subfield>
		<subfield code="a">ابركسيس اي اعمال الرسل القديسين، ورسايل مار بولس الرسول ويعقوب وبطرس ويوحنا، ويهوذا ، وابوكالبسيس‎</subfield>
	</datafield>
	<datafield ind1=" " ind2=" " tag="880">
		<subfield code="6">260-03</subfield>
		<subfield code="a">حلب :‎</subfield>
		<subfield code="b">ماري يوسف مطر مطران الطايفة المارونية،‎</subfield>
		<subfield code="c">1862.</subfield>
	</datafield>
	<datafield ind1=" " ind2=" " tag="959">
		<subfield code="a">NNU</subfield>
		<subfield code="b">WEB</subfield>
		<subfield code="c">GENI</subfield>
		<subfield code="t">0</subfield>
		<subfield code="m">Electronic access</subfield>
		<subfield code="s">01</subfield>
	</datafield>
	<datafield ind1=" " ind2=" " tag="999">
		<subfield code="i">NjP_5657297</subfield>
		<subfield code="o">(OCoLC)ocn301973290</subfield>
		<subfield code="s">princeton_aco002571</subfield>
		<subfield code="e">(ERROR-880)</subfield>
		<subfield code="s">princeton_aco002571</subfield>
	</datafield>
</record>
